<?xml version="1.0" encoding="UTF-8"?><collection xmlns="http://www.loc.gov/MARC21/slim"><record><leader>00682nam--2200181-i-4500</leader><controlfield tag="001">000005639</controlfield><controlfield tag="002">20161230</controlfield><controlfield tag="005">20161230201026</controlfield><controlfield tag="008">060222s1000------------r-----000-0-fre-d</controlfield><datafield ind1=" " ind2=" " tag="040"><subfield code="a">IFIN-HH</subfield></datafield><datafield ind1=" " ind2=" " tag="041"><subfield code="a">fre</subfield></datafield><datafield ind1=" " ind2=" " tag="080"><subfield code="a">53</subfield></datafield><datafield ind1="1" ind2=" " tag="100"><subfield code="a">Barrow, R.F./S.A.</subfield></datafield><datafield ind1="1" ind2="0" tag="245"><subfield code="a">Table de constantes et donnees numeriques. bol. 5. constantes selectionnees. atlas des longueurs d'ondes caracteristiques des bandes d'emission et d'absorption des molecules diatomiques</subfield><subfield code="c">R.f. barrow, a.-d. caunt, a.-r. downie, r. herman, e. huldt, a. mckellar, e. miescher, b. rosen, k.wieland</subfield></datafield><datafield ind1=" " ind2=" " tag="260"><subfield code="a">Paris</subfield><subfield code="b">Herman</subfield><subfield code="c">1952</subfield></datafield><datafield ind1=" " ind2=" " tag="300"><subfield code="a">389 P</subfield></datafield><datafield ind1=" " ind2=" " tag="852"><subfield code="a">10934</subfield><subfield code="c">53.081</subfield></datafield><datafield ind1=" " ind2=" " tag="CAT"><subfield code="a">Sys</subfield><subfield code="c">20151110</subfield><subfield code="h">102426</subfield></datafield></record></collection>